@inproceedings{jakobsen2001advanced,
	author       = {Jakobsen, Thomas},
	title        = {Advanced Character Physics},
	booktitle    = {Proceedings of the Game Developer's Conference 2001},
	year         = {2001},
	address      = {San Jose, CA},
	publisher    = {Game Developers Conference},
	note         = {Presented at Game Developer's Conference 2001}
}

@ARTICLE{gjk,
	author={Gilbert, E.G. and Johnson, D.W. and Keerthi, S.S.},
	journal={IEEE Journal on Robotics and Automation}, 
	title={A fast procedure for computing the distance between complex objects in three-dimensional space}, 
	year={1988},
	volume={4},
	number={2},
	pages={193-203},
	keywords={Iterative algorithms;Euclidean distance;Orbital robotics;Algorithm design and analysis;Computational efficiency;Linear approximation;Application software;Computer graphics;Mathematical model;Length measurement},
	doi={10.1109/56.2083}
}


@book{moller2018, 
	title={Real-time rendering}, 
	publisher={CRC Press}, 
	author={Moller, Tomas and Haines, Eric and Hoffman, Naty}, 
	year={2018},
	address={Boca Raton}, 
	edition={4}, 
}

@book{azevedo2003, 
	title={Computação gráfica - Teoria e prática}, 
	publisher={Editora Campus, Ltda}, 
	author={Eduardo Azevedo, Aura Conci}, 
	year={2003},
}

@misc{wikipediaPhysicallyBased,
	author = {},
	title = {Physically based animation},
	howpublished = {\url{https://en.wikipedia.org/wiki/Physically_based_animation}},
	year = {},
	note = {[Accessed 29-10-2025]},
}
